@book{fca,
    title={Formal Concept Analysis},
    author={Bernhard Ganter and Gerd Stumme and Rudolf Wille},
    isbn={978-3-540-31881-1},
    series={Lecture Notes in Artificial Intelligence},
    year={2005},
    publisher={Springer-Verlag Berlin Heidelberg},
    keywords = {fca}
}

@article{eswa,
    author =       "Pablo Cordero and Manuel Enciso and Domingo López and Ángel Mora",
    title =        "A conversational recommender system for diagnosis using fuzzy rules",
    journal =      "Expert Systems with Applications",
    volume =       "154",
    year =         "2020",
    DOI =         "10.1016/j.eswa.2020.113449"
}

@article{logic_sna,
    author =       "Pablo Cordero and Manuel Enciso and Ángel Mora and Manuel Ojeda-Aciego and Carlos Rossi",
    title =        "Knowledge discovery in social networks by using a logic-based treatment of implications",
    journal =      "Knowledge-Based Systems",
    volume =       "87",
    year =         "2015",
    DOI =         "10.1016/j.knosys.2015.07.018"
}


@article{fca_linkedin,
    author =       "Paula R. C. Silva and Sérgio M. Dias and Wladmir C. Brand\~{a}o and Mark A. Song and Luis E. Zárate",
    title =        "Formal Concept Analysis Applied to Professional Social Networks Analysis",
    journal =      "Proceedings of the 19th International Conference on Enterprise Information Systems",
    volume =       "3",
    year =         "2020",
    DOI =         "10.5220/0006333401230134"
}

@article{fca_apps,
    author =       "Dmitry Ignatov ",
    title =        "Introduction to Formal Concept Analysis and Its Applications in Information Retrieval and Related Fields",
    journal =      "RuSSIR",
    volume =       "505",
    year =         "2014",
    DOI =         "	10.1007/978-3-319-25485-2_3"
}

@incollection{sna,
  author      = "Stanislav Kraj\v{c}i",
  title       = "Social Network Analysis and Formal Concept Analysis",
  editor      = "Witold Pedrycz and Shyi-Ming Chen",
  booktitle   = "Social Networks: A Framework of Computational Intelligence",
  publisher   = "Springer International Publishing",
  year        = 2014,
  pages       = "41-50",
  chapter     = 3,
}

@online{risesn,
    author    = "Esteban Ortiz-Orpina",
    title     = "The rise of social media",
    url       = "https://ourworldindata.org/rise-of-social-media",
    keywords  = "social networks,social media"
}

@online{textminingr,
    author    = {Julia Silge and David Robinson},
    title     = "Welcome to Text Mining with R",
    url       = "https://www.tidytextmining.com/",
    keywords  = "text mining"
}

@online{doc16,
    title     = "Lenguaje de Programación R",
    url       = "https://www.r-project.org/"
}

@online{doc1,
    title     = "R documentation",
    url       = "https://cran.r-project.org/",
    keywords  = "social networks,social media"
}

@online{doc2,
    title     = "Tidyverse",
    url       = "https://www.tidyverse.org/"
}

@online{doc15,
    title     = "RStudio",
    url       = "https://www.rstudio.com/"
}


@online{doc3,
    title     = "Shiny",
    url       = "https://shiny.rstudio.com/"
}

@online{doc4,
    title     = "fcaR",
    url       = "https://cran.r-project.org/web/packages/fcaR/fcaR.pdf"
}

@online{doc5,
    title     = "twitteR",
    url       = "https://cran.r-project.org/web/packages/twitteR/twitteR.pdf"
}

@online{doc6,
    title     = "RedditExtractoR",
    url       = "https://cran.r-project.org/web/packages/RedditExtractoR/RedditExtractoR.pdf"
}

@online{doc7,
    title     = "data.table",
    url       = "https://cran.r-project.org/web/packages/data.table/data.table.pdf"
}

@online{doc8,
    title     = "RMariaDB",
    url       = "https://cran.r-project.org/web/packages/RMariaDB/RMariaDB.pdf"
}

@online{doc9,
    title     = "Bootstrap",
    url       = "https://getbootstrap.com/docs/5.0/getting-started/introduction/"
}

@online{doc10,
    title     = "Docker",
    url       = "https://docs.docker.com/"
}

@online{doc11,
    title     = "MariaDB",
    url       = "https://mariadb.org/documentation/"
}

@online{doc12,
    title     = "phpMyAdmin",
    url       = "https://www.phpmyadmin.net/docs/"
}

@online{doc17,
    title     = "Overleaf",
    url       = "https://www.overleaf.com/"
}

@online{doc13,
    title     = "mariadb",
    url       = "https://hub.docker.com/_/mariadb"
}

@online{doc14,
    title     = "phpmyadmin/phpmyadmin",
    url       = "https://hub.docker.com/r/phpmyadmin/phpmyadmin/"
}